<?xml version="1.0" encoding="UTF-8"?><collection xmlns="http://www.loc.gov/MARC21/slim"><record><leader>00463nam--2200121-i-4500</leader><controlfield tag="001">000033359</controlfield><controlfield tag="002">20161230</controlfield><controlfield tag="005">20161230201039</controlfield><controlfield tag="008">060222s1000------------r-----000-0-eng-d</controlfield><datafield ind1=" " ind2=" " tag="245"><subfield code="a">Monomolecular layers. a symposium presented on dec.27, 1951 at the philadelphia meeting of the american association for the advancement of science</subfield></datafield><datafield ind1=" " ind2=" " tag="260"><subfield code="a">Washington, American Association For The Advancement Of Science, 1954, Vii + 207p</subfield></datafield><datafield ind1=" " ind2=" " tag="700"><subfield code="a">Sobotka, Harry</subfield></datafield><datafield ind1=" " ind2=" " tag="852"><subfield code="a">15753</subfield></datafield></record></collection>